%% ----------------------------------------------------------------
%% ECS.bib
%% ----------------------------------------------------------------
@MISC{Gunn:2001:pdflatex,
  author =       {S.R. Gunn},
  title =        {PDFLaTeX Instructions},
  year =         {2001},
  url =          {http://www.ecs.soton.ac.uk/~srg/softwaretools/document/}
}

@article{RN59,
   author = {Unger, Marc A and Chou, Hou-Pu and Thorsen, Todd and Scherer, Axel and Quake, Stephen R},
   title = {Monolithic microfabricated valves and pumps by multilayer soft lithography},
   journal = {Science},
   volume = {288},
   number = {5463},
   pages = {113-116},
   ISSN = {0036-8075},
   year = {2000},
   type = {Journal Article}
}
